<?xml version="1.0" encoding="UTF-8"?>
<collection xmlns:xsi="http://www.w3.org/2001/XMLSchema-instance" xsi:schemaLocation="http://www.loc.gov/MARC21/slim http://www.loc.gov/standards/marcxml/schema/MARC21slim.xsd" xmlns="http://www.loc.gov/MARC21/slim">
<record>
  <leader>00899cam a2200229 u 4500</leader>
  <controlfield tag="001">650509</controlfield>
  <controlfield tag="003">NNC</controlfield>
  <controlfield tag="005">20150920223159.0</controlfield>
  <controlfield tag="008">880519s1914    ua |||||||||||||| ||ara||</controlfield>
  <datafield tag="035" ind1=" " ind2=" ">
    <subfield code="a">(OCoLC)60601366</subfield>
  </datafield>
  <datafield tag="035" ind1=" " ind2=" ">
    <subfield code="a">(OCoLC)ocm60601366</subfield>
  </datafield>
  <datafield tag="035" ind1=" " ind2=" ">
    <subfield code="a">(CStRLIN)NYCG88-B36102</subfield>
  </datafield>
  <datafield tag="035" ind1=" " ind2=" ">
    <subfield code="9">ACV7729CU</subfield>
  </datafield>
  <datafield tag="035" ind1=" " ind2=" ">
    <subfield code="a">(NNC)650509</subfield>
  </datafield>
  <datafield tag="100" ind1="1" ind2=" ">
    <subfield code="a">Zabīdī, Aḥmad ibn Aḥmad,</subfield>
    <subfield code="d">1409?-1488.</subfield>
  </datafield>
  <datafield tag="240" ind1="1" ind2="0">
    <subfield code="a">Tajrīd al-ṣarīḥ li-aḥādīth al-Jāmiʻ al-ṣaḥīḥ</subfield>
  </datafield>
  <datafield tag="245" ind1="1" ind2="0">
    <subfield code="a">Kitāb al-tajrīd al-ṣarīh li-aḥādīth al-Jāmiʻ al-ṣaḥīḥ.</subfield>
  </datafield>
  <datafield tag="260" ind1=" " ind2=" ">
    <subfield code="a">Miṣr :</subfield>
    <subfield code="b">al-Maṭbaʻah al-Azharīyah,</subfield>
    <subfield code="c">1333h [1914]</subfield>
  </datafield>
  <datafield tag="300" ind1=" " ind2=" ">
    <subfield code="a">2 v. in 1.</subfield>
  </datafield>
  <datafield tag="650" ind1=" " ind2="0">
    <subfield code="a">Hadith</subfield>
    <subfield code="v">Early works to 1800.</subfield>
  </datafield>
  <datafield tag="600" ind1="1" ind2="0">
    <subfield code="a">Bukhārī, Muḥammad ibn Ismāʻīl,</subfield>
    <subfield code="d">810-870.</subfield>
    <subfield code="t">Jāmiʻ al-ṣaḥīḥ.</subfield>
  </datafield>
  <datafield tag="600" ind1="0" ind2="0">
    <subfield code="a">Muslim ibn al-Ḥajjāj al-Qushayrī,</subfield>
    <subfield code="d">approximately 821-875.</subfield>
    <subfield code="t">Jāmiʻ al-ṣaḥīḥ.</subfield>
  </datafield>
  <datafield tag="955" ind1=" " ind2=" ">
    <subfield code="b">CU59577576</subfield>
    <subfield code="d">off,glx</subfield>
    <subfield code="e">ME06794</subfield>
  </datafield>
</record>
</collection>